
@misc{noauthor_lce2015_rocksdb+lightnvm.pdf_nodate,
	title = {{LCE}2015\_RocksDB+{LightNVM}.pdf},
	file = {LCE2015_RocksDB+LightNVM.pdf:/home/neozero/ntfsmp/Users/neozero/Documents/zotero_papers/storage/XGTFZPQ2/LCE2015_RocksDB+LightNVM.pdf:application/pdf}
}